%YAML 1.1
%TAG !u! tag:unity3d.com,2011:
--- !u!1001 &100100000
Prefab:
  m_ObjectHideFlags: 1
  serializedVersion: 2
  m_Modification:
    m_TransformParent: {fileID: 0}
    m_Modifications: []
    m_RemovedComponents: []
  m_ParentPrefab: {fileID: 0}
  m_RootGameObject: {fileID: 1655537369085344}
  m_IsPrefabParent: 1
--- !u!1 &1000489656867268
GameObject:
  m_ObjectHideFlags: 1
  m_PrefabParentObject: {fileID: 0}
  m_PrefabInternal: {fileID: 100100000}
  serializedVersion: 5
  m_Component:
  - component: {fileID: 4988032070680412}
  m_Layer: 9
  m_Name: Leg_Upper_Left
  m_TagString: Untagged
  m_Icon: {fileID: 0}
  m_NavMeshLayer: 0
  m_StaticEditorFlags: 0
  m_IsActive: 1
--- !u!1 &1012839218734946
GameObject:
  m_ObjectHideFlags: 1
  m_PrefabParentObject: {fileID: 0}
  m_PrefabInternal: {fileID: 100100000}
  serializedVersion: 5
  m_Component:
  - component: {fileID: 4388387805545474}
  m_Layer: 9
  m_Name: Foot_Right
  m_TagString: Untagged
  m_Icon: {fileID: 0}
  m_NavMeshLayer: 0
  m_StaticEditorFlags: 0
  m_IsActive: 1
--- !u!1 &1015130316576768
GameObject:
  m_ObjectHideFlags: 0
  m_PrefabParentObject: {fileID: 0}
  m_PrefabInternal: {fileID: 100100000}
  serializedVersion: 5
  m_Component:
  - component: {fileID: 4194089479163898}
  - component: {fileID: 135530556637279982}
  - component: {fileID: 114729325483376418}
  - component: {fileID: 54488271180976110}
  m_Layer: 9
  m_Name: Stomper
  m_TagString: Untagged
  m_Icon: {fileID: 0}
  m_NavMeshLayer: 0
  m_StaticEditorFlags: 0
  m_IsActive: 1
--- !u!1 &1048736189591076
GameObject:
  m_ObjectHideFlags: 1
  m_PrefabParentObject: {fileID: 0}
  m_PrefabInternal: {fileID: 100100000}
  serializedVersion: 5
  m_Component:
  - component: {fileID: 4166072119917962}
  m_Layer: 9
  m_Name: Arm_Target_Right
  m_TagString: Untagged
  m_Icon: {fileID: 0}
  m_NavMeshLayer: 0
  m_StaticEditorFlags: 0
  m_IsActive: 1
--- !u!1 &1097825979507286
GameObject:
  m_ObjectHideFlags: 1
  m_PrefabParentObject: {fileID: 0}
  m_PrefabInternal: {fileID: 100100000}
  serializedVersion: 5
  m_Component:
  - component: {fileID: 4955507812307456}
  m_Layer: 9
  m_Name: Hip_Bone_Left
  m_TagString: Untagged
  m_Icon: {fileID: 0}
  m_NavMeshLayer: 0
  m_StaticEditorFlags: 0
  m_IsActive: 1
--- !u!1 &1124643542126290
GameObject:
  m_ObjectHideFlags: 1
  m_PrefabParentObject: {fileID: 0}
  m_PrefabInternal: {fileID: 100100000}
  serializedVersion: 5
  m_Component:
  - component: {fileID: 4105883979538492}
  m_Layer: 9
  m_Name: Base_0
  m_TagString: Untagged
  m_Icon: {fileID: 0}
  m_NavMeshLayer: 0
  m_StaticEditorFlags: 0
  m_IsActive: 1
--- !u!1 &1169777308499116
GameObject:
  m_ObjectHideFlags: 1
  m_PrefabParentObject: {fileID: 0}
  m_PrefabInternal: {fileID: 100100000}
  serializedVersion: 5
  m_Component:
  - component: {fileID: 4115342641837928}
  m_Layer: 9
  m_Name: Leg_Lower_Left
  m_TagString: Untagged
  m_Icon: {fileID: 0}
  m_NavMeshLayer: 0
  m_StaticEditorFlags: 0
  m_IsActive: 1
--- !u!1 &1185157050957814
GameObject:
  m_ObjectHideFlags: 1
  m_PrefabParentObject: {fileID: 0}
  m_PrefabInternal: {fileID: 100100000}
  serializedVersion: 5
  m_Component:
  - component: {fileID: 4887671967896244}
  m_Layer: 9
  m_Name: Neck
  m_TagString: Untagged
  m_Icon: {fileID: 0}
  m_NavMeshLayer: 0
  m_StaticEditorFlags: 0
  m_IsActive: 1
--- !u!1 &1197214807297696
GameObject:
  m_ObjectHideFlags: 1
  m_PrefabParentObject: {fileID: 0}
  m_PrefabInternal: {fileID: 100100000}
  serializedVersion: 5
  m_Component:
  - component: {fileID: 4077157692972140}
  m_Layer: 9
  m_Name: Leg_Target_Left
  m_TagString: Untagged
  m_Icon: {fileID: 0}
  m_NavMeshLayer: 0
  m_StaticEditorFlags: 0
  m_IsActive: 1
--- !u!1 &1198783223499594
GameObject:
  m_ObjectHideFlags: 1
  m_PrefabParentObject: {fileID: 0}
  m_PrefabInternal: {fileID: 100100000}
  serializedVersion: 5
  m_Component:
  - component: {fileID: 4293241982987890}
  m_Layer: 9
  m_Name: Leg_Pole_Right
  m_TagString: Untagged
  m_Icon: {fileID: 0}
  m_NavMeshLayer: 0
  m_StaticEditorFlags: 0
  m_IsActive: 1
--- !u!1 &1225227748613912
GameObject:
  m_ObjectHideFlags: 1
  m_PrefabParentObject: {fileID: 0}
  m_PrefabInternal: {fileID: 100100000}
  serializedVersion: 5
  m_Component:
  - component: {fileID: 4196214195520032}
  m_Layer: 9
  m_Name: Shoulder_Left
  m_TagString: Untagged
  m_Icon: {fileID: 0}
  m_NavMeshLayer: 0
  m_StaticEditorFlags: 0
  m_IsActive: 1
--- !u!1 &1282506975673844
GameObject:
  m_ObjectHideFlags: 1
  m_PrefabParentObject: {fileID: 0}
  m_PrefabInternal: {fileID: 100100000}
  serializedVersion: 5
  m_Component:
  - component: {fileID: 4998850910500254}
  m_Layer: 9
  m_Name: Arm_Upper_Left
  m_TagString: Untagged
  m_Icon: {fileID: 0}
  m_NavMeshLayer: 0
  m_StaticEditorFlags: 0
  m_IsActive: 1
--- !u!1 &1290054786452430
GameObject:
  m_ObjectHideFlags: 1
  m_PrefabParentObject: {fileID: 0}
  m_PrefabInternal: {fileID: 100100000}
  serializedVersion: 5
  m_Component:
  - component: {fileID: 4578689664595778}
  m_Layer: 9
  m_Name: Foot_Left
  m_TagString: Untagged
  m_Icon: {fileID: 0}
  m_NavMeshLayer: 0
  m_StaticEditorFlags: 0
  m_IsActive: 1
--- !u!1 &1293794625543296
GameObject:
  m_ObjectHideFlags: 1
  m_PrefabParentObject: {fileID: 0}
  m_PrefabInternal: {fileID: 100100000}
  serializedVersion: 5
  m_Component:
  - component: {fileID: 4396465153180804}
  m_Layer: 9
  m_Name: Shoulder_Right
  m_TagString: Untagged
  m_Icon: {fileID: 0}
  m_NavMeshLayer: 0
  m_StaticEditorFlags: 0
  m_IsActive: 1
--- !u!1 &1405519199141812
GameObject:
  m_ObjectHideFlags: 0
  m_PrefabParentObject: {fileID: 0}
  m_PrefabInternal: {fileID: 100100000}
  serializedVersion: 5
  m_Component:
  - component: {fileID: 4564188184697748}
  - component: {fileID: 137815002743525880}
  m_Layer: 9
  m_Name: Cube
  m_TagString: Untagged
  m_Icon: {fileID: 0}
  m_NavMeshLayer: 0
  m_StaticEditorFlags: 0
  m_IsActive: 1
--- !u!1 &1430521260481488
GameObject:
  m_ObjectHideFlags: 1
  m_PrefabParentObject: {fileID: 0}
  m_PrefabInternal: {fileID: 100100000}
  serializedVersion: 5
  m_Component:
  - component: {fileID: 4502280106091178}
  m_Layer: 9
  m_Name: Arm_Lower_Right
  m_TagString: Untagged
  m_Icon: {fileID: 0}
  m_NavMeshLayer: 0
  m_StaticEditorFlags: 0
  m_IsActive: 1
--- !u!1 &1431304502105130
GameObject:
  m_ObjectHideFlags: 1
  m_PrefabParentObject: {fileID: 0}
  m_PrefabInternal: {fileID: 100100000}
  serializedVersion: 5
  m_Component:
  - component: {fileID: 4644769681459176}
  m_Layer: 9
  m_Name: Spine
  m_TagString: Untagged
  m_Icon: {fileID: 0}
  m_NavMeshLayer: 0
  m_StaticEditorFlags: 0
  m_IsActive: 1
--- !u!1 &1448306300739696
GameObject:
  m_ObjectHideFlags: 1
  m_PrefabParentObject: {fileID: 0}
  m_PrefabInternal: {fileID: 100100000}
  serializedVersion: 5
  m_Component:
  - component: {fileID: 4723859136771998}
  m_Layer: 9
  m_Name: Leg_Target_Right
  m_TagString: Untagged
  m_Icon: {fileID: 0}
  m_NavMeshLayer: 0
  m_StaticEditorFlags: 0
  m_IsActive: 1
--- !u!1 &1531350809164890
GameObject:
  m_ObjectHideFlags: 1
  m_PrefabParentObject: {fileID: 0}
  m_PrefabInternal: {fileID: 100100000}
  serializedVersion: 5
  m_Component:
  - component: {fileID: 4829132230693188}
  m_Layer: 9
  m_Name: Leg_Upper_Right
  m_TagString: Untagged
  m_Icon: {fileID: 0}
  m_NavMeshLayer: 0
  m_StaticEditorFlags: 0
  m_IsActive: 1
--- !u!1 &1542999452618242
GameObject:
  m_ObjectHideFlags: 1
  m_PrefabParentObject: {fileID: 0}
  m_PrefabInternal: {fileID: 100100000}
  serializedVersion: 5
  m_Component:
  - component: {fileID: 4401936043256912}
  m_Layer: 9
  m_Name: Arm_Pole_Left
  m_TagString: Untagged
  m_Icon: {fileID: 0}
  m_NavMeshLayer: 0
  m_StaticEditorFlags: 0
  m_IsActive: 1
--- !u!1 &1613790761328612
GameObject:
  m_ObjectHideFlags: 1
  m_PrefabParentObject: {fileID: 0}
  m_PrefabInternal: {fileID: 100100000}
  serializedVersion: 5
  m_Component:
  - component: {fileID: 4249812398816212}
  m_Layer: 9
  m_Name: Arm_Lower_Left
  m_TagString: Untagged
  m_Icon: {fileID: 0}
  m_NavMeshLayer: 0
  m_StaticEditorFlags: 0
  m_IsActive: 1
--- !u!1 &1655537369085344
GameObject:
  m_ObjectHideFlags: 0
  m_PrefabParentObject: {fileID: 0}
  m_PrefabInternal: {fileID: 100100000}
  serializedVersion: 5
  m_Component:
  - component: {fileID: 4321435633171818}
  - component: {fileID: 95441262185115764}
  - component: {fileID: 143155952275257042}
  - component: {fileID: 114108924178316732}
  - component: {fileID: 114303083902283652}
  - component: {fileID: 136556887342280720}
  m_Layer: 9
  m_Name: Robro
  m_TagString: Player
  m_Icon: {fileID: 0}
  m_NavMeshLayer: 0
  m_StaticEditorFlags: 0
  m_IsActive: 1
--- !u!1 &1663886057585578
GameObject:
  m_ObjectHideFlags: 1
  m_PrefabParentObject: {fileID: 0}
  m_PrefabInternal: {fileID: 100100000}
  serializedVersion: 5
  m_Component:
  - component: {fileID: 4665198020428988}
  m_Layer: 9
  m_Name: Leg_Pole_Left
  m_TagString: Untagged
  m_Icon: {fileID: 0}
  m_NavMeshLayer: 0
  m_StaticEditorFlags: 0
  m_IsActive: 1
--- !u!1 &1760822145565590
GameObject:
  m_ObjectHideFlags: 1
  m_PrefabParentObject: {fileID: 0}
  m_PrefabInternal: {fileID: 100100000}
  serializedVersion: 5
  m_Component:
  - component: {fileID: 4707539062669118}
  m_Layer: 9
  m_Name: Arm_Upper_Right
  m_TagString: Untagged
  m_Icon: {fileID: 0}
  m_NavMeshLayer: 0
  m_StaticEditorFlags: 0
  m_IsActive: 1
--- !u!1 &1832384887122012
GameObject:
  m_ObjectHideFlags: 0
  m_PrefabParentObject: {fileID: 0}
  m_PrefabInternal: {fileID: 100100000}
  serializedVersion: 5
  m_Component:
  - component: {fileID: 4241092363357522}
  m_Layer: 9
  m_Name: Base
  m_TagString: Untagged
  m_Icon: {fileID: 0}
  m_NavMeshLayer: 0
  m_StaticEditorFlags: 0
  m_IsActive: 1
--- !u!1 &1879856721588374
GameObject:
  m_ObjectHideFlags: 1
  m_PrefabParentObject: {fileID: 0}
  m_PrefabInternal: {fileID: 100100000}
  serializedVersion: 5
  m_Component:
  - component: {fileID: 4192503076443630}
  m_Layer: 9
  m_Name: Arm_Target_Left
  m_TagString: Untagged
  m_Icon: {fileID: 0}
  m_NavMeshLayer: 0
  m_StaticEditorFlags: 0
  m_IsActive: 1
--- !u!1 &1900419193671548
GameObject:
  m_ObjectHideFlags: 1
  m_PrefabParentObject: {fileID: 0}
  m_PrefabInternal: {fileID: 100100000}
  serializedVersion: 5
  m_Component:
  - component: {fileID: 4059552374543850}
  m_Layer: 9
  m_Name: Spine_Lower
  m_TagString: Untagged
  m_Icon: {fileID: 0}
  m_NavMeshLayer: 0
  m_StaticEditorFlags: 0
  m_IsActive: 1
--- !u!1 &1902339337446076
GameObject:
  m_ObjectHideFlags: 1
  m_PrefabParentObject: {fileID: 0}
  m_PrefabInternal: {fileID: 100100000}
  serializedVersion: 5
  m_Component:
  - component: {fileID: 4510739326632350}
  m_Layer: 9
  m_Name: Head
  m_TagString: Untagged
  m_Icon: {fileID: 0}
  m_NavMeshLayer: 0
  m_StaticEditorFlags: 0
  m_IsActive: 1
--- !u!1 &1915288347856540
GameObject:
  m_ObjectHideFlags: 1
  m_PrefabParentObject: {fileID: 0}
  m_PrefabInternal: {fileID: 100100000}
  serializedVersion: 5
  m_Component:
  - component: {fileID: 4319145504238550}
  m_Layer: 9
  m_Name: Hip_Bone_Right
  m_TagString: Untagged
  m_Icon: {fileID: 0}
  m_NavMeshLayer: 0
  m_StaticEditorFlags: 0
  m_IsActive: 1
--- !u!1 &1937309392755630
GameObject:
  m_ObjectHideFlags: 1
  m_PrefabParentObject: {fileID: 0}
  m_PrefabInternal: {fileID: 100100000}
  serializedVersion: 5
  m_Component:
  - component: {fileID: 4767886578963710}
  m_Layer: 9
  m_Name: Arm_Pole_Right
  m_TagString: Untagged
  m_Icon: {fileID: 0}
  m_NavMeshLayer: 0
  m_StaticEditorFlags: 0
  m_IsActive: 1
--- !u!1 &1945089675773164
GameObject:
  m_ObjectHideFlags: 1
  m_PrefabParentObject: {fileID: 0}
  m_PrefabInternal: {fileID: 100100000}
  serializedVersion: 5
  m_Component:
  - component: {fileID: 4428438701254288}
  m_Layer: 9
  m_Name: Leg_Lower_Right
  m_TagString: Untagged
  m_Icon: {fileID: 0}
  m_NavMeshLayer: 0
  m_StaticEditorFlags: 0
  m_IsActive: 1
--- !u!1 &1952237930770192
GameObject:
  m_ObjectHideFlags: 0
  m_PrefabParentObject: {fileID: 0}
  m_PrefabInternal: {fileID: 100100000}
  serializedVersion: 5
  m_Component:
  - component: {fileID: 4765219934455184}
  m_Layer: 9
  m_Name: LookAtTarget
  m_TagString: Untagged
  m_Icon: {fileID: 0}
  m_NavMeshLayer: 0
  m_StaticEditorFlags: 0
  m_IsActive: 1
--- !u!4 &4059552374543850
Transform:
  m_ObjectHideFlags: 1
  m_PrefabParentObject: {fileID: 0}
  m_PrefabInternal: {fileID: 100100000}
  m_GameObject: {fileID: 1900419193671548}
  m_LocalRotation: {x: 0.000000004305562, y: 0.05702891, z: 7.252923e-16, w: 0.99837255}
  m_LocalPosition: {x: -1.121745, y: 0.00000008468939, z: 0}
  m_LocalScale: {x: 1, y: 1, z: 1}
  m_Children:
  - {fileID: 4955507812307456}
  - {fileID: 4319145504238550}
  - {fileID: 4644769681459176}
  m_Father: {fileID: 4105883979538492}
  m_RootOrder: 0
  m_LocalEulerAnglesHint: {x: 0, y: 0, z: 0}
--- !u!4 &4077157692972140
Transform:
  m_ObjectHideFlags: 1
  m_PrefabParentObject: {fileID: 0}
  m_PrefabInternal: {fileID: 100100000}
  m_GameObject: {fileID: 1197214807297696}
  m_LocalRotation: {x: -0.40298107, y: -0.402981, z: -0.581039, w: 0.581039}
  m_LocalPosition: {x: -0.4424681, y: -0.5471408, z: 0.4051611}
  m_LocalScale: {x: 1, y: 1, z: 1}
  m_Children: []
  m_Father: {fileID: 4241092363357522}
  m_RootOrder: 7
  m_LocalEulerAnglesHint: {x: 0, y: 0, z: 0}
--- !u!4 &4105883979538492
Transform:
  m_ObjectHideFlags: 1
  m_PrefabParentObject: {fileID: 0}
  m_PrefabInternal: {fileID: 100100000}
  m_GameObject: {fileID: 1124643542126290}
  m_LocalRotation: {x: 0.50000006, y: 0.49999997, z: -0.49999997, w: 0.50000006}
  m_LocalPosition: {x: -0, y: 0, z: 0}
  m_LocalScale: {x: 1, y: 1, z: 1}
  m_Children:
  - {fileID: 4059552374543850}
  m_Father: {fileID: 4241092363357522}
  m_RootOrder: 4
  m_LocalEulerAnglesHint: {x: 0, y: 0, z: 0}
--- !u!4 &4115342641837928
Transform:
  m_ObjectHideFlags: 1
  m_PrefabParentObject: {fileID: 0}
  m_PrefabInternal: {fileID: 100100000}
  m_GameObject: {fileID: 1169777308499116}
  m_LocalRotation: {x: 0.999948, y: -0.0026832982, z: 0.00045036626, w: 0.009825617}
  m_LocalPosition: {x: -0.4186629, y: -0.000000002793968, z: 0.00000004353933}
  m_LocalScale: {x: 0.99999857, y: 1, z: 0.9999999}
  m_Children:
  - {fileID: 4578689664595778}
  m_Father: {fileID: 4988032070680412}
  m_RootOrder: 0
  m_LocalEulerAnglesHint: {x: 0, y: 0, z: 0}
--- !u!4 &4166072119917962
Transform:
  m_ObjectHideFlags: 1
  m_PrefabParentObject: {fileID: 0}
  m_PrefabInternal: {fileID: 100100000}
  m_GameObject: {fileID: 1048736189591076}
  m_LocalRotation: {x: 0.42295173, y: -0.422952, z: 0.5666672, w: 0.5666673}
  m_LocalPosition: {x: 0.9858228, y: -0.67120945, z: 0.7778023}
  m_LocalScale: {x: 0.99999976, y: 1, z: 1}
  m_Children: []
  m_Father: {fileID: 4241092363357522}
  m_RootOrder: 3
  m_LocalEulerAnglesHint: {x: 0, y: 0, z: 0}
--- !u!4 &4192503076443630
Transform:
  m_ObjectHideFlags: 1
  m_PrefabParentObject: {fileID: 0}
  m_PrefabInternal: {fileID: 100100000}
  m_GameObject: {fileID: 1879856721588374}
  m_LocalRotation: {x: 0.42295173, y: -0.422952, z: 0.5666672, w: 0.5666673}
  m_LocalPosition: {x: -0.9858228, y: 0.866594, z: 0.8344405}
  m_LocalScale: {x: 0.99999976, y: 1, z: 1}
  m_Children: []
  m_Father: {fileID: 4241092363357522}
  m_RootOrder: 2
  m_LocalEulerAnglesHint: {x: 0, y: 0, z: 0}
--- !u!4 &4194089479163898
Transform:
  m_ObjectHideFlags: 1
  m_PrefabParentObject: {fileID: 0}
  m_PrefabInternal: {fileID: 100100000}
  m_GameObject: {fileID: 1015130316576768}
  m_LocalRotation: {x: 0, y: 0, z: 0, w: 1}
  m_LocalPosition: {x: 0, y: 0, z: 0}
  m_LocalScale: {x: 1, y: 1, z: 1}
  m_Children: []
  m_Father: {fileID: 4321435633171818}
  m_RootOrder: 3
  m_LocalEulerAnglesHint: {x: 0, y: 0, z: 0}
--- !u!4 &4196214195520032
Transform:
  m_ObjectHideFlags: 1
  m_PrefabParentObject: {fileID: 0}
  m_PrefabInternal: {fileID: 100100000}
  m_GameObject: {fileID: 1225227748613912}
  m_LocalRotation: {x: -0.42297313, y: -0.49958578, z: 0.5959731, w: 0.4651063}
  m_LocalPosition: {x: -0.78943884, y: 0.000000059600968, z: 0.000000014901161}
  m_LocalScale: {x: 1.0000001, y: 1.0000002, z: 1.0000001}
  m_Children:
  - {fileID: 4998850910500254}
  m_Father: {fileID: 4644769681459176}
  m_RootOrder: 1
  m_LocalEulerAnglesHint: {x: 0, y: 0, z: 0}
--- !u!4 &4241092363357522
Transform:
  m_ObjectHideFlags: 1
  m_PrefabParentObject: {fileID: 0}
  m_PrefabInternal: {fileID: 100100000}
  m_GameObject: {fileID: 1832384887122012}
  m_LocalRotation: {x: -0.7071068, y: 0, z: -0, w: 0.7071068}
  m_LocalPosition: {x: -0, y: 0, z: 0}
  m_LocalScale: {x: 1, y: 1, z: 1}
  m_Children:
  - {fileID: 4401936043256912}
  - {fileID: 4767886578963710}
  - {fileID: 4192503076443630}
  - {fileID: 4166072119917962}
  - {fileID: 4105883979538492}
  - {fileID: 4665198020428988}
  - {fileID: 4293241982987890}
  - {fileID: 4077157692972140}
  - {fileID: 4723859136771998}
  m_Father: {fileID: 4321435633171818}
  m_RootOrder: 0
  m_LocalEulerAnglesHint: {x: 0, y: 0, z: 0}
--- !u!4 &4249812398816212
Transform:
  m_ObjectHideFlags: 1
  m_PrefabParentObject: {fileID: 0}
  m_PrefabInternal: {fileID: 100100000}
  m_GameObject: {fileID: 1613790761328612}
  m_LocalRotation: {x: 0.99092406, y: 0.12979448, z: 0.034934238, w: 0.0015764164}
  m_LocalPosition: {x: -0.903112, y: -0.000000016763806, z: -0.000000033527613}
  m_LocalScale: {x: 0.9999987, y: 0.99999976, z: 0.9999997}
  m_Children: []
  m_Father: {fileID: 4998850910500254}
  m_RootOrder: 0
  m_LocalEulerAnglesHint: {x: 0, y: 0, z: 0}
--- !u!4 &4293241982987890
Transform:
  m_ObjectHideFlags: 1
  m_PrefabParentObject: {fileID: 0}
  m_PrefabInternal: {fileID: 100100000}
  m_GameObject: {fileID: 1198783223499594}
  m_LocalRotation: {x: 0.71354663, y: -0.04145334, z: 0.69820327, w: -0.040560313}
  m_LocalPosition: {x: 0.45131746, y: -0.93868554, z: 0.9005809}
  m_LocalScale: {x: 1.0000002, y: 1.0000001, z: 1.0000001}
  m_Children: []
  m_Father: {fileID: 4241092363357522}
  m_RootOrder: 6
  m_LocalEulerAnglesHint: {x: 0, y: 0, z: 0}
--- !u!4 &4319145504238550
Transform:
  m_ObjectHideFlags: 1
  m_PrefabParentObject: {fileID: 0}
  m_PrefabInternal: {fileID: 100100000}
  m_GameObject: {fileID: 1915288347856540}
  m_LocalRotation: {x: 0.42765594, y: -0.5107645, z: 0.5631256, w: -0.4889987}
  m_LocalPosition: {x: -3.5005e-11, y: -7e-15, z: 3.05404e-10}
  m_LocalScale: {x: 1, y: 1.0000001, z: 0.9999998}
  m_Children:
  - {fileID: 4829132230693188}
  m_Father: {fileID: 4059552374543850}
  m_RootOrder: 1
  m_LocalEulerAnglesHint: {x: 0, y: 0, z: 0}
--- !u!4 &4321435633171818
Transform:
  m_ObjectHideFlags: 1
  m_PrefabParentObject: {fileID: 0}
  m_PrefabInternal: {fileID: 100100000}
  m_GameObject: {fileID: 1655537369085344}
  m_LocalRotation: {x: 0, y: 0, z: 0, w: 1}
  m_LocalPosition: {x: 6.08, y: 1, z: -6.59}
  m_LocalScale: {x: 1, y: 1, z: 1}
  m_Children:
  - {fileID: 4241092363357522}
  - {fileID: 4564188184697748}
  - {fileID: 4765219934455184}
  - {fileID: 4194089479163898}
  m_Father: {fileID: 0}
  m_RootOrder: 0
  m_LocalEulerAnglesHint: {x: 0, y: 0, z: 0}
--- !u!4 &4388387805545474
Transform:
  m_ObjectHideFlags: 1
  m_PrefabParentObject: {fileID: 0}
  m_PrefabInternal: {fileID: 100100000}
  m_GameObject: {fileID: 1012839218734946}
  m_LocalRotation: {x: 0.5090647, y: -0.50162184, z: 0.4894834, w: -0.4996347}
  m_LocalPosition: {x: -0.40992445, y: 0.00000008032657, z: -0.000000011175871}
  m_LocalScale: {x: 1.0000002, y: 1.0000001, z: 1}
  m_Children: []
  m_Father: {fileID: 4428438701254288}
  m_RootOrder: 0
  m_LocalEulerAnglesHint: {x: 0, y: 0, z: 0}
--- !u!4 &4396465153180804
Transform:
  m_ObjectHideFlags: 1
  m_PrefabParentObject: {fileID: 0}
  m_PrefabInternal: {fileID: 100100000}
  m_GameObject: {fileID: 1293794625543296}
  m_LocalRotation: {x: -0.4651063, y: 0.595973, z: -0.49958608, w: 0.422973}
  m_LocalPosition: {x: -0.78943884, y: 0.000000059600968, z: 0.000000014901161}
  m_LocalScale: {x: 1.0000001, y: 1.0000001, z: 1}
  m_Children:
  - {fileID: 4707539062669118}
  m_Father: {fileID: 4644769681459176}
  m_RootOrder: 2
  m_LocalEulerAnglesHint: {x: 0, y: 0, z: 0}
--- !u!4 &4401936043256912
Transform:
  m_ObjectHideFlags: 1
  m_PrefabParentObject: {fileID: 0}
  m_PrefabInternal: {fileID: 100100000}
  m_GameObject: {fileID: 1542999452618242}
  m_LocalRotation: {x: 0.70009124, y: 0.057763968, z: 0.7093027, w: 0.05852573}
  m_LocalPosition: {x: -0.99435806, y: 1.309589, z: 1.5135128}
  m_LocalScale: {x: 0.9999999, y: 1, z: 0.99999994}
  m_Children: []
  m_Father: {fileID: 4241092363357522}
  m_RootOrder: 0
  m_LocalEulerAnglesHint: {x: 0, y: 0, z: 0}
--- !u!4 &4428438701254288
Transform:
  m_ObjectHideFlags: 1
  m_PrefabParentObject: {fileID: 0}
  m_PrefabInternal: {fileID: 100100000}
  m_GameObject: {fileID: 1945089675773164}
  m_LocalRotation: {x: 0.83124006, y: -0.5481856, z: -0.092010066, w: -0.00816592}
  m_LocalPosition: {x: -0.41866273, y: 0.00000005401671, z: -0.0000000433065}
  m_LocalScale: {x: 0.99999905, y: 0.99999946, z: 1}
  m_Children:
  - {fileID: 4388387805545474}
  m_Father: {fileID: 4829132230693188}
  m_RootOrder: 0
  m_LocalEulerAnglesHint: {x: 0, y: 0, z: 0}
--- !u!4 &4502280106091178
Transform:
  m_ObjectHideFlags: 1
  m_PrefabParentObject: {fileID: 0}
  m_PrefabInternal: {fileID: 100100000}
  m_GameObject: {fileID: 1430521260481488}
  m_LocalRotation: {x: 0.9584071, y: 0.2758874, z: -0.07306736, w: -0.0017665611}
  m_LocalPosition: {x: -0.90311146, y: 0.000000074505806, z: 0.00000007636845}
  m_LocalScale: {x: 1.0000007, y: 1.0000001, z: 0.9999997}
  m_Children: []
  m_Father: {fileID: 4707539062669118}
  m_RootOrder: 0
  m_LocalEulerAnglesHint: {x: 0, y: 0, z: 0}
--- !u!4 &4510739326632350
Transform:
  m_ObjectHideFlags: 1
  m_PrefabParentObject: {fileID: 0}
  m_PrefabInternal: {fileID: 100100000}
  m_GameObject: {fileID: 1902339337446076}
  m_LocalRotation: {x: -0.00000013299274, y: -0.22195016, z: 0.000000026458519, w: 0.975058}
  m_LocalPosition: {x: -0.1757767, y: 0.00000001327078, z: -0.000000034369187}
  m_LocalScale: {x: 1, y: 1, z: 0.99999994}
  m_Children: []
  m_Father: {fileID: 4887671967896244}
  m_RootOrder: 0
  m_LocalEulerAnglesHint: {x: 0, y: 0, z: 0}
--- !u!4 &4564188184697748
Transform:
  m_ObjectHideFlags: 1
  m_PrefabParentObject: {fileID: 0}
  m_PrefabInternal: {fileID: 100100000}
  m_GameObject: {fileID: 1405519199141812}
  m_LocalRotation: {x: -0.7071068, y: 0, z: -0, w: 0.7071067}
  m_LocalPosition: {x: -0, y: 0, z: 0}
  m_LocalScale: {x: 1, y: 1, z: 1}
  m_Children: []
  m_Father: {fileID: 4321435633171818}
  m_RootOrder: 1
  m_LocalEulerAnglesHint: {x: 0, y: 0, z: 0}
--- !u!4 &4578689664595778
Transform:
  m_ObjectHideFlags: 1
  m_PrefabParentObject: {fileID: 0}
  m_PrefabInternal: {fileID: 100100000}
  m_GameObject: {fileID: 1290054786452430}
  m_LocalRotation: {x: -0.49963486, y: 0.48948544, z: -0.5016198, w: 0.50906444}
  m_LocalPosition: {x: -0.40992445, y: 0.00000006798655, z: 0.000000049360096}
  m_LocalScale: {x: 0.9999999, y: 0.9999999, z: 1}
  m_Children: []
  m_Father: {fileID: 4115342641837928}
  m_RootOrder: 0
  m_LocalEulerAnglesHint: {x: 0, y: 0, z: 0}
--- !u!4 &4644769681459176
Transform:
  m_ObjectHideFlags: 1
  m_PrefabParentObject: {fileID: 0}
  m_PrefabInternal: {fileID: 100100000}
  m_GameObject: {fileID: 1431304502105130}
  m_LocalRotation: {x: 0.00000010838601, y: -0.12996642, z: 0.000000015493203, w: 0.99151844}
  m_LocalPosition: {x: -0.41685146, y: 0.00000003147141, z: 0}
  m_LocalScale: {x: 1, y: 1, z: 1}
  m_Children:
  - {fileID: 4887671967896244}
  - {fileID: 4196214195520032}
  - {fileID: 4396465153180804}
  m_Father: {fileID: 4059552374543850}
  m_RootOrder: 2
  m_LocalEulerAnglesHint: {x: 0, y: 0, z: 0}
--- !u!4 &4665198020428988
Transform:
  m_ObjectHideFlags: 1
  m_PrefabParentObject: {fileID: 0}
  m_PrefabInternal: {fileID: 100100000}
  m_GameObject: {fileID: 1663886057585578}
  m_LocalRotation: {x: 0.6982033, y: -0.040562112, z: 0.7135465, w: -0.04145157}
  m_LocalPosition: {x: -0.45131746, y: -1.2224895, z: 1.047687}
  m_LocalScale: {x: 1.0000001, y: 1.0000001, z: 1.0000001}
  m_Children: []
  m_Father: {fileID: 4241092363357522}
  m_RootOrder: 5
  m_LocalEulerAnglesHint: {x: 0, y: 0, z: 0}
--- !u!4 &4707539062669118
Transform:
  m_ObjectHideFlags: 1
  m_PrefabParentObject: {fileID: 0}
  m_PrefabInternal: {fileID: 100100000}
  m_GameObject: {fileID: 1760822145565590}
  m_LocalRotation: {x: 0.06406317, y: 0.5791434, z: 0.083691396, w: 0.80838394}
  m_LocalPosition: {x: -0.9740811, y: 0.00000006886364, z: 0.0000002682209}
  m_LocalScale: {x: 1.0000002, y: 1.0000002, z: 0.99999994}
  m_Children:
  - {fileID: 4502280106091178}
  m_Father: {fileID: 4396465153180804}
  m_RootOrder: 0
  m_LocalEulerAnglesHint: {x: 0, y: 0, z: 0}
--- !u!4 &4723859136771998
Transform:
  m_ObjectHideFlags: 1
  m_PrefabParentObject: {fileID: 0}
  m_PrefabInternal: {fileID: 100100000}
  m_GameObject: {fileID: 1448306300739696}
  m_LocalRotation: {x: -0.40298107, y: -0.402981, z: -0.581039, w: 0.581039}
  m_LocalPosition: {x: 0.4424681, y: 0.5041018, z: 0.58158296}
  m_LocalScale: {x: 1, y: 1, z: 1}
  m_Children: []
  m_Father: {fileID: 4241092363357522}
  m_RootOrder: 8
  m_LocalEulerAnglesHint: {x: 0, y: 0, z: 0}
--- !u!4 &4765219934455184
Transform:
  m_ObjectHideFlags: 1
  m_PrefabParentObject: {fileID: 0}
  m_PrefabInternal: {fileID: 100100000}
  m_GameObject: {fileID: 1952237930770192}
  m_LocalRotation: {x: 0, y: 0, z: 0, w: 1}
  m_LocalPosition: {x: 0, y: 1.98, z: 5.48}
  m_LocalScale: {x: 1, y: 1, z: 1}
  m_Children: []
  m_Father: {fileID: 4321435633171818}
  m_RootOrder: 2
  m_LocalEulerAnglesHint: {x: 0, y: 0, z: 0}
--- !u!4 &4767886578963710
Transform:
  m_ObjectHideFlags: 1
  m_PrefabParentObject: {fileID: 0}
  m_PrefabInternal: {fileID: 100100000}
  m_GameObject: {fileID: 1937309392755630}
  m_LocalRotation: {x: 0.7091927, y: 0.057207175, z: 0.7002002, w: 0.059099663}
  m_LocalPosition: {x: 0.99435806, y: -0.02966696, z: 1.4307499}
  m_LocalScale: {x: 0.99999994, y: 0.9999999, z: 0.9999999}
  m_Children: []
  m_Father: {fileID: 4241092363357522}
  m_RootOrder: 1
  m_LocalEulerAnglesHint: {x: 0, y: 0, z: 0}
--- !u!4 &4829132230693188
Transform:
  m_ObjectHideFlags: 1
  m_PrefabParentObject: {fileID: 0}
  m_PrefabInternal: {fileID: 100100000}
  m_GameObject: {fileID: 1531350809164890}
  m_LocalRotation: {x: -0.092610314, y: 0.60816675, z: -0.08310803, w: 0.783996}
  m_LocalPosition: {x: -0.45091587, y: 0.000000034043182, z: -0.000000007450579}
  m_LocalScale: {x: 0.99999964, y: 0.9999997, z: 0.9999999}
  m_Children:
  - {fileID: 4428438701254288}
  m_Father: {fileID: 4319145504238550}
  m_RootOrder: 0
  m_LocalEulerAnglesHint: {x: 0, y: 0, z: 0}
--- !u!4 &4887671967896244
Transform:
  m_ObjectHideFlags: 1
  m_PrefabParentObject: {fileID: 0}
  m_PrefabInternal: {fileID: 100100000}
  m_GameObject: {fileID: 1185157050957814}
  m_LocalRotation: {x: 0.000000020232376, y: 0.26798585, z: -0.0000000638928, w: 0.96342283}
  m_LocalPosition: {x: -0.78943884, y: 0.000000059600968, z: 0.000000014901161}
  m_LocalScale: {x: 0.99999994, y: 1, z: 1}
  m_Children:
  - {fileID: 4510739326632350}
  m_Father: {fileID: 4644769681459176}
  m_RootOrder: 0
  m_LocalEulerAnglesHint: {x: 0, y: 0, z: 0}
--- !u!4 &4955507812307456
Transform:
  m_ObjectHideFlags: 1
  m_PrefabParentObject: {fileID: 0}
  m_PrefabInternal: {fileID: 100100000}
  m_GameObject: {fileID: 1097825979507286}
  m_LocalRotation: {x: 0.48899868, y: 0.56312543, z: -0.51076454, w: -0.4276561}
  m_LocalPosition: {x: -3.5005e-11, y: -7e-15, z: 3.05404e-10}
  m_LocalScale: {x: 1, y: 1, z: 0.99999994}
  m_Children:
  - {fileID: 4988032070680412}
  m_Father: {fileID: 4059552374543850}
  m_RootOrder: 0
  m_LocalEulerAnglesHint: {x: 0, y: 0, z: 0}
--- !u!4 &4988032070680412
Transform:
  m_ObjectHideFlags: 1
  m_PrefabParentObject: {fileID: 0}
  m_PrefabInternal: {fileID: 100100000}
  m_GameObject: {fileID: 1000489656867268}
  m_LocalRotation: {x: -0.22766188, y: -0.6116412, z: 0.25991136, w: 0.71169597}
  m_LocalPosition: {x: -0.4509159, y: 0.000000034043214, z: -0.00000000745058}
  m_LocalScale: {x: 0.9999996, y: 0.9999998, z: 0.9999999}
  m_Children:
  - {fileID: 4115342641837928}
  m_Father: {fileID: 4955507812307456}
  m_RootOrder: 0
  m_LocalEulerAnglesHint: {x: 0, y: 0, z: 0}
--- !u!4 &4998850910500254
Transform:
  m_ObjectHideFlags: 1
  m_PrefabParentObject: {fileID: 0}
  m_PrefabInternal: {fileID: 100100000}
  m_GameObject: {fileID: 1282506975673844}
  m_LocalRotation: {x: 0.21081264, y: -0.58334607, z: -0.28136215, w: 0.732189}
  m_LocalPosition: {x: -0.9740812, y: 0.00000007072629, z: -0.00000001490116}
  m_LocalScale: {x: 1, y: 1.0000002, z: 0.99999994}
  m_Children:
  - {fileID: 4249812398816212}
  m_Father: {fileID: 4196214195520032}
  m_RootOrder: 0
  m_LocalEulerAnglesHint: {x: 0, y: 0, z: 0}
--- !u!54 &54488271180976110
Rigidbody:
  m_ObjectHideFlags: 1
  m_PrefabParentObject: {fileID: 0}
  m_PrefabInternal: {fileID: 100100000}
  m_GameObject: {fileID: 1015130316576768}
  serializedVersion: 2
  m_Mass: 1
  m_Drag: 0
  m_AngularDrag: 0.05
  m_UseGravity: 1
  m_IsKinematic: 1
  m_Interpolate: 0
  m_Constraints: 0
  m_CollisionDetection: 0
--- !u!95 &95441262185115764
Animator:
  serializedVersion: 3
  m_ObjectHideFlags: 1
  m_PrefabParentObject: {fileID: 0}
  m_PrefabInternal: {fileID: 100100000}
  m_GameObject: {fileID: 1655537369085344}
  m_Enabled: 1
  m_Avatar: {fileID: 9000000, guid: 5e3e53fe400eec2488af6f6d07c02320, type: 3}
  m_Controller: {fileID: 9100000, guid: 2bf3c9e5f3351be43a3818d5cff95510, type: 2}
  m_CullingMode: 1
  m_UpdateMode: 0
  m_ApplyRootMotion: 0
  m_LinearVelocityBlending: 0
  m_WarningMessage: 
  m_HasTransformHierarchy: 1
  m_AllowConstantClipSamplingOptimization: 1
--- !u!114 &114108924178316732
MonoBehaviour:
  m_ObjectHideFlags: 1
  m_PrefabParentObject: {fileID: 0}
  m_PrefabInternal: {fileID: 100100000}
  m_GameObject: {fileID: 1655537369085344}
  m_Enabled: 1
  m_EditorHideFlags: 0
  m_Script: {fileID: 11500000, guid: e5233450b6eb83744a6afccc110fb414, type: 3}
  m_Name: 
  m_EditorClassIdentifier: 
  _gravity: 50
  _speed: 20
  _jumpForce: 35
  _takingInput: 1
--- !u!114 &114303083902283652
MonoBehaviour:
  m_ObjectHideFlags: 1
  m_PrefabParentObject: {fileID: 0}
  m_PrefabInternal: {fileID: 100100000}
  m_GameObject: {fileID: 1655537369085344}
  m_Enabled: 1
  m_EditorHideFlags: 0
  m_Script: {fileID: 11500000, guid: 340a9d17bcb0a214f9b220afde56c321, type: 3}
  m_Name: 
  m_EditorClassIdentifier: 
  _maxHealth: 3
--- !u!114 &114729325483376418
MonoBehaviour:
  m_ObjectHideFlags: 1
  m_PrefabParentObject: {fileID: 0}
  m_PrefabInternal: {fileID: 100100000}
  m_GameObject: {fileID: 1015130316576768}
  m_Enabled: 1
  m_EditorHideFlags: 0
  m_Script: {fileID: 11500000, guid: 1e8a99eb64f8d96479e8c3d1278787b0, type: 3}
  m_Name: 
  m_EditorClassIdentifier: 
  _damageApplied: 1
--- !u!135 &135530556637279982
SphereCollider:
  m_ObjectHideFlags: 1
  m_PrefabParentObject: {fileID: 0}
  m_PrefabInternal: {fileID: 100100000}
  m_GameObject: {fileID: 1015130316576768}
  m_Material: {fileID: 0}
  m_IsTrigger: 1
  m_Enabled: 1
  serializedVersion: 2
  m_Radius: 1
  m_Center: {x: 0, y: 0, z: 0}
--- !u!136 &136556887342280720
CapsuleCollider:
  m_ObjectHideFlags: 1
  m_PrefabParentObject: {fileID: 0}
  m_PrefabInternal: {fileID: 100100000}
  m_GameObject: {fileID: 1655537369085344}
  m_Material: {fileID: 0}
  m_IsTrigger: 1
  m_Enabled: 1
  m_Radius: 1.05
  m_Height: 3.1
  m_Direction: 1
  m_Center: {x: 0, y: 1.5, z: 0}
--- !u!137 &137815002743525880
SkinnedMeshRenderer:
  m_ObjectHideFlags: 1
  m_PrefabParentObject: {fileID: 0}
  m_PrefabInternal: {fileID: 100100000}
  m_GameObject: {fileID: 1405519199141812}
  m_Enabled: 1
  m_CastShadows: 1
  m_ReceiveShadows: 1
  m_DynamicOccludee: 1
  m_MotionVectors: 1
  m_LightProbeUsage: 1
  m_ReflectionProbeUsage: 1
  m_Materials:
  - {fileID: 2100000, guid: 3b5a8b04fc2a2e54faf7989b7b9751ed, type: 2}
  m_StaticBatchInfo:
    firstSubMesh: 0
    subMeshCount: 0
  m_StaticBatchRoot: {fileID: 0}
  m_ProbeAnchor: {fileID: 0}
  m_LightProbeVolumeOverride: {fileID: 0}
  m_ScaleInLightmap: 1
  m_PreserveUVs: 0
  m_IgnoreNormalsForChartDetection: 0
  m_ImportantGI: 0
  m_StitchLightmapSeams: 0
  m_SelectedEditorRenderState: 3
  m_MinimumChartSize: 4
  m_AutoUVMaxDistance: 0.5
  m_AutoUVMaxAngle: 89
  m_LightmapParameters: {fileID: 0}
  m_SortingLayerID: 0
  m_SortingLayer: 0
  m_SortingOrder: 0
  serializedVersion: 2
  m_Quality: 0
  m_UpdateWhenOffscreen: 0
  m_SkinnedMotionVectors: 1
  m_Mesh: {fileID: 4300000, guid: 5e3e53fe400eec2488af6f6d07c02320, type: 3}
  m_Bones:
  - {fileID: 4105883979538492}
  - {fileID: 4059552374543850}
  - {fileID: 4644769681459176}
  - {fileID: 4887671967896244}
  - {fileID: 4510739326632350}
  - {fileID: 4196214195520032}
  - {fileID: 4998850910500254}
  - {fileID: 4249812398816212}
  - {fileID: 4396465153180804}
  - {fileID: 4707539062669118}
  - {fileID: 4502280106091178}
  - {fileID: 4955507812307456}
  - {fileID: 4988032070680412}
  - {fileID: 4115342641837928}
  - {fileID: 4578689664595778}
  - {fileID: 4319145504238550}
  - {fileID: 4829132230693188}
  - {fileID: 4428438701254288}
  - {fileID: 4388387805545474}
  - {fileID: 4192503076443630}
  - {fileID: 4166072119917962}
  - {fileID: 4401936043256912}
  - {fileID: 4767886578963710}
  - {fileID: 4077157692972140}
  - {fileID: 4723859136771998}
  - {fileID: 4665198020428988}
  - {fileID: 4293241982987890}
  m_BlendShapeWeights: []
  m_RootBone: {fileID: 4105883979538492}
  m_AABB:
    m_Center: {x: -1.5133023, y: 0.036918044, z: 0.086997986}
    m_Extent: {x: 1.8176067, y: 1.3173648, z: 1.2933788}
  m_DirtyAABB: 0
--- !u!143 &143155952275257042
CharacterController:
  m_ObjectHideFlags: 1
  m_PrefabParentObject: {fileID: 0}
  m_PrefabInternal: {fileID: 100100000}
  m_GameObject: {fileID: 1655537369085344}
  m_Material: {fileID: 0}
  m_IsTrigger: 0
  m_Enabled: 1
  serializedVersion: 2
  m_Height: 3
  m_Radius: 1
  m_SlopeLimit: 45
  m_StepOffset: 0.3
  m_SkinWidth: 0.08
  m_MinMoveDistance: 0.001
  m_Center: {x: 0, y: 1.5, z: 0}
